<collection xmlns="http://www.loc.gov/MARC21/slim">
<record>
  <leader>01375nam0a2200241 i 450 </leader>
  <controlfield tag="001">IT\ICCU\CNCE\043393</controlfield>
  <controlfield tag="005">20120720000000.0</controlfield>
  <datafield tag="012" ind1=" " ind2=" ">
    <subfield code="a">      </subfield>
    <subfield code="2">fei</subfield>
    <subfield code="9">INR</subfield>
  </datafield>
  <datafield tag="100" ind1=" " ind2=" ">
    <subfield code="a">19981229d1557        0itac0103    ba</subfield>
  </datafield>
  <datafield tag="101" ind1=" " ind2=" ">
    <subfield code="a">ITA</subfield>
  </datafield>
  <datafield tag="102" ind1=" " ind2=" ">
    <subfield code="a">IT</subfield>
  </datafield>
  <datafield tag="200" ind1="1" ind2=" ">
    <subfield code="a">Lucidario di recami nel qual si contengono molti et varie sorti di disegni, a punti in aere, et punti tagliati &amp; a fogliami, &amp; con figure, &amp; di piu altre maniere, come al presente si vsano non piu venute in luce, per le quali ogni eleuato ingegno potra in diuersi modi commodissimamente seruirsi</subfield>
  </datafield>
  <datafield tag="210" ind1=" " ind2=" ">
    <subfield code="a">In Vinegia</subfield>
    <subfield code="c">appresso Iseppo Foresto miniatore in calle dell&apos;acque a san Zulian</subfield>
    <subfield code="d">all&apos;insegna del Pellegrino</subfield>
    <subfield code="d">1557</subfield>
  </datafield>
  <datafield tag="215" ind1=" " ind2=" ">
    <subfield code="a">\18! c.</subfield>
    <subfield code="c">tutte ill.</subfield>
    <subfield code="d">4ʻ</subfield>
  </datafield>
  <datafield tag="300" ind1=" " ind2=" ">
    <subfield code="a">Il nome dell&apos;autore si ricava da c. A1v</subfield>
  </datafield>
  <datafield tag="620" ind1=" " ind2=" ">
    <subfield code="a">IT</subfield>
    <subfield code="d">Venezia</subfield>
  </datafield>
  <datafield tag="700" ind1=" " ind2="1">
    <subfield code="a">Foresto,</subfield>
    <subfield code="b">Giuseppe</subfield>
    <subfield code="3">IT\ICCU\CNCA\011506</subfield>
  </datafield>
  <datafield tag="712" ind1="0" ind2="0">
    <subfield code="a">Foresto, Giuseppe</subfield>
    <subfield code="3">IT\ICCU\CNCT\001262</subfield>
    <subfield code="4">650</subfield>
  </datafield>
  <datafield tag="791" ind1="0" ind2="0">
    <subfield code="a">Foresto, Iseppo</subfield>
    <subfield code="3">IT\ICCU\CNCT\005680</subfield>
    <subfield code="z">Foresto, Giuseppe</subfield>
  </datafield>
  <datafield tag="801" ind1=" " ind2="3">
    <subfield code="a">IT</subfield>
    <subfield code="b">ICCU</subfield>
    <subfield code="c">20201114</subfield>
  </datafield>
  <datafield tag="899" ind1=" " ind2=" ">
    <subfield code="a">Biblioteca nazionale Marciana. Venezia</subfield>
    <subfield code="1">VE0049</subfield>
    <subfield code="2">VEA BM</subfield>
  </datafield>
  <datafield tag="911" ind1=" " ind2=" ">
    <subfield code="a">Sul front.</subfield>
    <subfield code="9">IT\ICCU\CNCM\001404</subfield>
  </datafield>
  <datafield tag="921" ind1=" " ind2=" ">
    <subfield code="a">IT\ICCU\CNCM\001404</subfield>
    <subfield code="b">Pellegrino in cammino con il bordone in spalla. Sullo sfondo paesaggio. In cornice.</subfield>
    <subfield code="e">Non habemus hic ciuitatem permanentem, sed futuram inquirimus.</subfield>
    <subfield code="c">U347</subfield>
    <subfield code="d">Dimensioni: 6,3 x 7,2. Con o senza motto</subfield>
    <subfield code="f">PELLEGRINO</subfield>
    <subfield code="g">1557-1565</subfield>
  </datafield>
</record>
</collection>
